<?xml version="1.0" encoding="UTF-8"?><record xmlns="http://www.loc.gov/MARC21/slim" xmlns:cinclude="http://apache.org/cocoon/include/1.0" xmlns:zs="http://www.loc.gov/zing/srw/">
  <leader>00458nz  a2200133n  4500</leader>
  <controlfield tag="001">no 92012202 </controlfield>
  <controlfield tag="003">DLC</controlfield>
  <controlfield tag="005">19920508172534.2</controlfield>
  <controlfield tag="008">920508n| acannaab|          |n aaa     c</controlfield>
  <datafield tag="010" ind1=" " ind2=" ">
    <subfield code="a">no 92012202 </subfield>
  </datafield>
  <datafield tag="040" ind1=" " ind2=" ">
    <subfield code="a">MoSU-L</subfield>
    <subfield code="c">MoSU-L</subfield>
  </datafield>
  <datafield tag="100" ind1="1" ind2="0">
    <subfield code="a">Wilson, Gary A.,</subfield>
    <subfield code="d">1952-</subfield>
  </datafield>
  <datafield tag="670" ind1=" " ind2=" ">
    <subfield code="a">Leo, T.S. The 50 most important questions a surety can ask about bankruptcy, c1992:</subfield>
    <subfield code="b">t.p. (Gary A. Wilson)</subfield>
  </datafield>
  <datafield tag="670" ind1=" " ind2=" ">
    <subfield code="a">Martindale &amp; Hubbell, 1991:</subfield>
    <subfield code="b">v. 11, p. 193 (Wilson, Gary A.; b. 1952)</subfield>
  </datafield>
</record>